:20:MT940
:25:/PL27105010251000009085623719
:28C:00002
:60F:C250930PLN4700,00
:61:2509290929D406,45S07397301970584
:86:073
:86:073~00MD02PRZELEW
~20PàatnoòÜ kart• 28.09.2025
~21Nr karty 5534xx2497~22
~23~24
~25
~3010500031
~311915050/19730 ~32SWIAT ALKOHOLI RUMIA 84-230
~33 616 2206624168 5921 501100
~34073
~6230273 2443
~63
:61:2509260926D184,00S07397302021682
:86:073
:86:073~00MD02PRZELEW
~20PàatnoòÜ kart• 25.09.2025
~21Nr karty 5534xx2497~22
~23~24
~25
~3010500031
~311915050/19730 ~32TEX-MEX S.C. GDYNIA 81395 6
~3316 2206624168 5812 50110030
~34073
~62273 2443
~63
:61:2509190919D3373,20S07397301961701
:86:073
:86:073~00MD02PRZELEW
~20PàatnoòÜ kart• 18.09.2025
~21Nr karty 5534xx2497~22
~23~24
~25
~3010500031
~311915059/19730 ~32Hotel at Booking.com Amster
~33dam 1017 
~34073
~62
~63
:61:2509170917D300,00S02064001272645
:86:020
:86:020~00BOCGPRZELEW
~20/NIP/5862147548/FAKTURA
~21PROFORMA 12~228/2025
~23~24
~25
~2934144010260000000011405932~3014401026
~310000000011405932 ~32Pomorska Fundacja Filmowa w
~33 Gdyni 
~34020
~38PL34144010260000000011405932
~62
~63
:61:2509170917D220,00S07397302054075
:86:073
:86:073~00MD02PRZELEW
~20PàatnoòÜ kart• 16.09.2025
~21Nr karty 5534xx2497~22
~23~24
~25
~3010500031
~311915050/19730 ~32TRES TOROS WARSZAWA 00-312 
~33616 2206624168 5812 5011003
~34073
~620273 2443
~63
:61:2509170917D146,00S07397302025524
:86:073
:86:073~00MD02PRZELEW
~20PàatnoòÜ kart• 16.09.2025
~21Nr karty 5534xx2497~22
~23~24
~25
~3010500031
~311915050/19730 ~32BLUE CACTUS Warszawa 00351 
~33616 2206624168 5812 5011003
~34073
~620273 2443
~63
:61:2509150915D2460,00S02064001418118
:86:020
:86:020~00BOCGPRZELEW
~20/NIP/6792764548/Faktura VAT
~21nr: FV/~223/2025/09
~23~24
~25
~2918213000042001054613630001~3021300004
~312001054613630001 ~32Katarzyna Jasi‰ska Kancelar
~33ia Radcy Prawnego, ul. Lips
~34020
~38PL18213000042001054613630001
~62ka 8, 30-721 Kra k¢w 
~63
:61:2509120912D3760,00S02064001408668
:86:020
:86:020~00BOCGPRZELEW
~201 rata wynagrodzenia za
~21przeniesien~22ie praw do treatmentu filmu
~23"Przejò~24cie" z godnie z rachunkiem
~25z dnia 1
~262.09.2025
~27~28
~2972114020170000410207173620~3011402017
~310000410207173620 ~32Adam Cioczek 
~33
~34020
~38PL72114020170000410207173620
~62
~63
:61:2509120912D30,00S07397302075619
:86:073
:86:073~00MD02PRZELEW
~20PàatnoòÜ kart• 11.09.2025
~21Nr karty 5534xx2497~22
~23~24
~25
~3010500031
~311915050/19730 ~32PP*oplaty.ms.gov.p Warszawa
~33 30-552 
~34073
~62
~63
:61:2509120912D200,00S07664302000113
:86:076
:86:076~00PXCGPRZELEW
~20I/616
~21opà. za opini© bankow•~22
~23~24
~25
~3010501025
~318041621/16181 ~32PROWIZJE I OPùATY-POZOSTAùE
~33 
~34076
~62
~63
:61:2509110911D264,00S07397302067242
:86:073
:86:073~00MD02PRZELEW
~20PàatnoòÜ kart• 10.09.2025
~21Nr karty 5534xx2497~22
~23~24
~25
~3010500031
~311915050/19730 ~32PARADISE WILANOW WARSZAWA 0
~332-797 61 2206624168 5812 50
~34073
~62110030273 2443
~63
:61:2509110911D200,00S07664302000001
:86:076
:86:076~00PXCGPRZELEW
~20I/616
~21opà. za opini© bankow•~22
~23~24
~25
~3010501025
~318041621/16181 ~32PROWIZJE I OPùATY-POZOSTAùE
~33 
~34076
~62
~63
:61:2509100910C17500,00S03497221593816
:86:034
:86:034~00XX20PRZELEW
~20WKùAD NA PODWYΩSZENIE
~21KAPITAùU ZAK~22ùADOWEGO - UCHWAùA NR
~231/2025 Z 28.0~248.2025
~25
~2972114020170000410207173620~3011402017
~310000410207173620 ~32ADAM CIOCZEK UL.GRZYBOWSKA 
~3341 M.1 05-520 PARCELA
~34034
~38PL72114020170000410207173620
~62
~63
:61:2509100910C17500,00S03497202121640
:86:034
:86:034~00TC20PRZELEW
~20Wkàad na podwyzszenie
~21kapitalu~22zakladowego - uchwala nr
~231/2025 z~2428.08.2025 - Kamil Grymuza
~25- dla CG
~26Movie Productions Sp. z
~27o.o.~28
~2934105010541000009803463893~3010501054
~311000009803463893 ~32GRYMUZA KAMIL EDWARD BUKOWI
~33„SKA 24C/8 02-703 WARSZAWA 
~34034
~38PL34105010541000009803463893
~62
~63
:61:2509010901D25,00S02064001374665
:86:020
:86:020~00BFUSPRZELEW
~20/TI/N1231586383/OKR/0/SFP/P
~21CC-3/TXT~22/pcc-3 umowa spolki
~23~24
~25
~2920101000550201418000070000~3010100055
~310201418000070000 ~32Urz•d Skarbowy Piaseczno 
~33
~34020
~38PL20101000550201418000070000
~62
~63
:61:2509300930C0,00S940NONREF
:86:940~00Informacje szczeg¢àowe:
:86:940~20Saldo dost.:28131,35~21Saldo bieæ.:28131,35
:86:940~22Kw blokad:0,00
:62F:C250930PLN28131,35
:64:C250930PLN28131,35
:86:NAME ACCOUNT OWNER:CG MOVIE PRODUCTIONS SP‡ùKA Z OGRAN
ACCOUNT DESCRIPTION: CURRENT ACCOUNT
-

